<?xml version="1.0" encoding="UTF-8"?><collection xmlns="http://www.loc.gov/MARC21/slim"><record><leader>00375nam--2200133-i-4500</leader><controlfield tag="001">000027471</controlfield><controlfield tag="002">20161230</controlfield><controlfield tag="005">20161230201036</controlfield><controlfield tag="008">060222s1000------------r-----000-0-eng-d</controlfield><datafield ind1=" " ind2=" " tag="080"><subfield code="a">621.039.524.4(061.3)</subfield></datafield><datafield ind1=" " ind2=" " tag="245"><subfield code="a">Iaea-nppci specialists meeting on new instrumentation of water cooled reactors</subfield></datafield><datafield ind1=" " ind2=" " tag="260"><subfield code="a">Dresden, Iaea, 1985. Xi+378p</subfield></datafield><datafield ind1=" " ind2=" " tag="490"><subfield code="a">Proceeding</subfield></datafield><datafield ind1=" " ind2=" " tag="852"><subfield code="a">73536</subfield></datafield></record></collection>